@booklet{astyle,
	title="Artistic Style: A Free, Fast and Small Automatic Formatter for C, C++, C\#, and Java Source Code",
	address="http://astyle.sourceforge.net/http://astyle.sourceforge.net/",
	year="2009"
}

@booklet{ffs2,
	title="What are the issues regarding large drives with OpenBSD?",
	address="http://www.openbsd.org/faq/faq14.html",
	year="2009"
}
	

@booklet{pdfiso,
	title="PDF format becomes ISO standard",
	address="http://www.iso.org/iso/pressrelease.htm?refid=Ref1141",
	year="2008"
}


@book{moffet,
	title="Compression and coding algorithms",
	author="Alistair Moffat and Andrew Turpin",
	address="http://books.google.com.co/books?id=86KkcSX5BuoC",
	editor="Kluwer Academic Publishers",
	year="2002",
}

@article{yan,
	title="Inverted Index Compression and Query Processing with Optimized Document Ordering",
	author="Hao Yan and Shuai Ding and Torsten Suel",
	address="http://www2009.org/proceedings/pdf/p401.pdf",
	year="2009",
	journal="Proceedings of the 18th International World Wide Web Conference"
}

@booklet{ccel,
	title="Early Church Fathers. Christian Classics Ethereal Library",
	author="Editado por Philip Schaff",
	address="http://www.ccel.org/fathers.html"
}


@booklet{gutenberg,
	title="Project Gutenberg",
	address="http://www.gutenberg.org/browse/languages/es"
}

@booklet{amberunicode,
	title="Amberfish: Unicode support",
	author="Oskars Ozols",
	year="2006",
	address="http://sourceforge.net/forum/forum.php?thread\_id=1185121\&forum\_id=361729"
}


@article{canje,
  title="Time-space tradeoff lower bounds for randomized computation of decision problems",
  author="Paul Beame and Michael Saks and Xiadong Sun and Erik Vee",
  journal = "Proceedings of the 41st IEEE Symposium on Foundations of Computer Science",
  year="2002",
  address="http://www.cs.washington.edu/homes/beame/papers/randomts.ps"
}

@booklet{wndw3es,
  title="Redes Inalámbricas: en los paises en desarrollo",
  author="Hacker Friendly LLc",
  edition="3a",
  year="2008",
  address="http://wndw.net"
}

@booklet{huffmansimple,
  title="48 Characters",
  author="Chuck Moore",
  year="Consultado Mar.2009",
  address="http://www.colorforth.com/chars.htmlhttp://www.colorforth.com/chars.html"
}

@booklet{frecuenciaesp,
  title="Cita a: Secret and Urgent: the Story of Codes and Ciphers",
  author="Fletcher Pratt",
  editor="Blue Ribbon Books",
  year="1939",
  address="http://www.santacruzpl.org/readyref/files/g-l/ltfrqsp.shtml"
}


@booklet{dnskaminsky,
  title="An Illustrated Guide to the Kaminsky DNS Vulnerability",
  author="Steve Friedl",
  year="2008",
  address="http://www.unixwiz.net/techtips/iguide-kaminsky-dns-vuln.htmlhttp://www.unixwiz.net/techtips/iguide-kaminsky-dns-vuln.html"
}

@booklet{dnscurve,
  title="DNSCurve: Usable security for DNS",
  author="D.J. Bernstein",
  year="2008",
  address="http://www.dnscurve.org/"
}

@booklet{djbdns,
  title="djbdns: Domain Name System Tools",
  author="D.J. Bernstein",
  year="2008",
  address="http://cr.yp.to/djbdns.html"
}


@booklet{adJ,
  title="Aprendiendo de Jesús. Distribución de OpenBSD",
  author="Vladimir Támara Patiño",
  year="2008",
  address="http://aprendiendo.pasosdeJesus.org"
}

@booklet{OpenBSD,
  title="OpenBSD",
  author="Theo de Raat et al",
  year="2008",
  address="http://www.openbsd.org"
}
@booklet{ipsecctl,
  title="Recent improvements in OpenBSD's IPsec support",
  author="Mathieu Sauve-Frankel",
  editor="AsiaBSDCon 2007",
  year="2007",
  address="http://www.openbsd.org/papers/asiabsdcon07-ipsec/http://www.openbsd.org/papers/asiabsdcon07-ipsec"
}


@booklet{bind,
  title="BIND",
  author="Paul Vixie",
  year="2008",
  address="https://www.isc.org/software/bindhttps://www.isc.org/software/bind"
}


@booklet{apache,
  title="Apache: HTTP Server Project",
  author="Brian Behlendorf and Cliff Skolnick et al",
  year="2008",
  address="http://httpd.apache.org/"
}


@booklet{php,
  title="PHP",
  author="Andi Gutmans and Rasmus Lerdorf and Zeev Suraski et al",
  year="2008",
  address="http://www.php.net"
}


@booklet{openntpd,
  title="OpenNTPD",
  author="Henning Brauer",
  edition="4.3",
  year="2008",
  address="http://openntpd.org/"
}


@booklet{pf,
  title="PF: The OpenBSD Packet Filter",
  author="Henning Brauer",
  year="2008",
  address="http://www.openbsd.org/faq/pf/"
}


@booklet{openssh,
  title="OpenSSH",
  author="OpenBSD Project",
  year="2008",
  address="http://www.openssh.org"
}

@booklet{vnconfig,
  title="vnconfig (8). Página del manual",
  editor="OpenBSD",
  year=2008,
  author="David Krause",
  address="http://www.openbsd.org/cgi-bin/man.cgi?query=vnconfig"
}



@booklet{cvs,
  title="CVS -- Concurrent Versions System",
  author="Derek Price",
  editor="Ximbiot",
  edition="1.11.23",
  year="2008",
  address="http://ximbiot.com/cvs/manual/cvs-1.11.23/cvs.html"
}


@book{gcov,
  title="An Introduction to GCC - for the GNU compilers gcc and g++",
  author="Brian J. GoughBrian J. Gough",
  address="http://www.network-theory.co.uk/docs/gccintro/gccintro\_81.html",
  editor="Network Theory Ltd",
  year="2005"

}


@booklet{frontlinedefenders,
  title="Digital Security and Privacy for Human Rights Defenders",
  author="Frontline: International Foundation for the protection of Human Right Defenders",
  address="http://www.frontlinedefenders.org/manual/en/esecman/chapter4.html"
}


@booklet{cryptorights,
  title="The HighFire Project (HighFire:Mobile \& HighFire:Office): A Human Rights Communications System",
  author="The Cryptorights Foundation",
  address="http://www.cryptorights.org/research/highfire/"
}

@booklet{cppunit,
  title="CppUnit Documentation",
  year=2008,
  edition="1.10.2",
  author="Eric Sommerlade et al",
  address="http://cppunit.sourceforge.net/doc/lastest/index.htmlhttp://cppunit.sourceforge.net/doc/lastest/index.html"
}

@booklet{ctaller,
  title="Proyecto sobre Sistemas de información en Materia de Derechos Humanos y Derecho Internacional Humanitario",
  year=2006,
  author="CINEP and Justapaz and Sisma Mujer and CCJ and CCEEU",
}


@booklet{creativecommons,
  title="Creative Commons International: Colombia",
  year=2008,
  author="Carolina Botero et al",
  address="http://creativecommons.org/international/co/"
}

@booklet{doxygen,
  title="Doxygen: Source code documentation generator tool",
  year=2008,
  author="Dimitri van Heesch",
  address="http://www.stack.nl/~dimitri/doxygen/"
}

@booklet{sysctl.conf,
  title="sysctl (5). Página del manual",
  editor="OpenBSD",
  year=2008,
  author="4.4BSD",
  address="http://www.openbsd.org/cgi-bin/man.cgi?query=sysctl.conf\&sektion=5"
}

@booklet{espcsv,
  title="Common Format and MIME Type for Comma-Separated Values (CSV) Files",
  author="Y. Shafranovich",
  year=2005,
  address="http://www.rfc-editor.org/rfc/rfc4180.txt"
}

@booklet{sivelaudita,
  title="Llamado público a auditar SIVeL",
  author="Vladimir Támara Patiño",
  year=2008,
  address="http://sivel.sourceforge.net/llamado.html"
}

@booklet{cursobuscadores,
  title="Introduction to Information Retrieval",
  author={Christopher D. Manning and Prabhakar Raghavan and Hinrich Schütze},
  year=2008,
  editor="Cambridge University Press",
  address="http://nlp.stanford.edu/IR-book/html/htmledition/irbook.html"
}

@booklet{chroot,
  title="chroot (8). Página del manual",
  editor="OpenBSD",
  year=2008,
  author="4.4BSD",
  address="http://www.openbsd.org/cgi-bin/man.cgi?query=chroot\&sektion=2"
}

@booklet{wget,
  title="wget",
  year=2008,
  author="Hrvoje Niksic",
  address="http://es.wikipedia.org/wiki/Wget"
}

@booklet{rsync,
  title="rsync",
  year=2008,
  author="Andrew Tridgell and Paul Mackerras",
  address="http://samba.anu.edu.au/rsync/"
}

@booklet{uml,
  title="Desarrollo Orientado a Objetos con UML",
  author="Xavier Ferré Grau and María Isabel Sánchez Segura",
  year=2004,
  address="http://www.clikear.com/manuales/uml/"
}



@booklet{hardwaresoportado,
  title="Hardware Soportado en OpenBSD",
  author="OpenBSD",
  year=2008,
  address="http://www.openbsd.org/plat.html"
}

@booklet{hardwaredhobsd,
  title="Compatibilidad Hardware",
  author="Vladimir Támara Patiño",
  year=2008,
  address="http://dhobsd.pasosdejesus.org/?id=CompatibilidadHardware"
}


@booklet{tcpdump,
  title="tcpdump (8). Página del manual",
  editor="OpenBSD",
  author="Van Jacobson et al.",
  year=2008,
  address="http://www.openbsd.org/cgi-bin/man.cgi?query=tcpdump"
}

@booklet{wireshark,
  title="Wireshark",
  author="wireshark",
  year=2008,
  address="http://www.wireshark.org/"
}

@booklet{casovirus,
  title="Caso de virus en Justapaz",
  year=2008,
  author="Vladimir Támara Patiño",
  address="OJO"
}
@booklet{pluginodf,
  title="Sun ODF Plugin for Microsoft Office",
  year=2008,
  author="Sun",
  address="http://www.sun.com/software/star/odf\_plugin/index.jsp"
}

@booklet{blowfish,
  title="The Blowfish Encryption Algorithm",
  year=2008,
  author="Bruce Schneier",
  address="http://www.schneier.com/blowfish.html"
}

@booklet{tallerdesarrollo2007,
  title="Reunión de desarrollo de 'AdJ' y de 'SIVeL' - 2007",
  year=2007,
  author="Vladimir Támara Patiño",
  address="http://aprendiendo.pasosdejesus.org/?id=Desarrollo2007"
}

@booklet{tallerdesarrollo2008,
  title="Reunión de capacitación mutua en 'adJ' y 'SIVeL' - 2008",
  year=2008,
  author="Vladimir Támara Patiño",
  editor="Banco de Datos del CINEP",
  address="http://aprendiendo.pasosdejesus.org/?id=Capacitacion2008"
}



@booklet{divipola,
  title="Sistema de Consulta de la Divisón Politico-Administrativa de Colombia",
  year=2008,
  author="DANE",
  address="http://190.25.231.236/Divipola/Divipola.asp"
}

@booklet{domxml,
  title="Extensión Dom XML",
  year=2008,
  author="The PHP Group",
  address="http://www.php.net/domxml"
}

@booklet{libxslt,
  title="LibXSLT: The XSLT C library for GNOME",
  year=2008,
  author="Daniel Veillard",
  address="http://xmlsoft.org/XSLT/"
}


@booklet{libxml,
  title="LibXML: The XML C parser and toolkit of Gnome",
  year=2008,
  author="Daniel Veillard",
  address="http://www.xmlsoft.org"
}


@booklet{estlucene,
  title="The Lucene search engine: Powerful, flexible, and free",
  year=2000,
  author="Brian Goetz",
  address="http://www.javaworld.com/javaworld/jw-09-2000/jw-0915-lucene.html?page=2"
}


@booklet{ferret,
  title="Ferret",
  year=2005,
  author="David Balmain",
  address="http://ferret.davebalmain.com/api/classes/Ferret.html"
}

@booklet{zend,
  title="Zend Framework",
  year=2008,
  author="Zend",
  address="http://framework.zend.com"
}

@booklet{singoogle,
  title="Ayuda para la búsqueda",
  year=2008,
  author="Google",
  address="http://www.google.com/help/refinesearch.html"
}

@booklet{crontab,
  title="crontab (1). Página del manual",
  editor="OpenBSD",
  year=2008,
  author="Paul Vixie",
  address="http://www.openbsd.org/cgi-bin/man.cgi?query=crontab"
}

@booklet{ipsec.conf,
  title="ipsec.conf (5). Página del manual",
  author="OpenBSD",
  year=2008,
  address="http://www.openbsd.org/cgi-bin/man.cgi?query=ipsec.conf"
}

@booklet{isakmpd,
  title="isakmpd (8). Página del manual",
  editor="OpenBSD",
  year=2008,
  author="Niklas Hallqvist and Niels Provos",
  address="http://www.openbsd.org/cgi-bin/man.cgi?query=isakmpd"
}

@booklet{ntpd,
  title="ntpd.conf (5). Página del manual",
  editor="OpenBSD",
  year=2008,
  author="Daniel Hartmeier",
  address="http://www.openbsd.org/cgi-bin/man.cgi?query=ntpd.conf"
}

@booklet{pf.conf,
  title="pf.conf (5). Página del manual",
  editor="OpenBSD",
  year=2008,
  author="Daniel Hartmeier",
  address="http://www.openbsd.org/cgi-bin/man.cgi?query=pf.conf"
}

@booklet{manualapache,
  title="Apache HTTP Server Version 1.3",
  author="Apache HTTP Server Documentation Project",
  address="http://httpd.apache.org/docs/1.3"
}

@booklet{resolv.conf,
  title="resolv.conf (5) Página del manual",
  editor="OpenBSD",
  year=2008,
  author="4.3BSD",
  address="http://www.openbsd.org/cgi-bin/man.cgi?query=resolv.conf"
}


@booklet{named.conf,
  title="named.conf (5) Página del manual",
  editor="OpenBSD",
  year=2008,
  author="Paul Vixie",		
  address="http://www.openbsd.org/cgi-bin/man.cgi?query=named.conf"
}

@booklet{fluxbox,
  title="fluxbox: Configuration howtos",
  editor="Fluxbox",
  author="Brad Hughes et al",
  year=2008,
  address="http://fluxbox-wiki.org/index.php/Category:Configuration\_howtos"
}

@booklet{cglin3,
  title="Tercer curso gratuito de Linux",
  author="Vladimir Támara Patiño",
  year=2002,
  address="http://osdir.com/ml/education.colombia.slec/2002-04/msg00006.html"
}

@booklet{estc,
  title="Guía de estilo de programación en C++",
  author="J. Baltasar García Perez-Schofield",
  address="http://trevinca.ei.uvigo.es/~jgarcia/TO/guiaestilocpp.pdf"
}


@booklet{der1-2007,
  title="Propuesta inicial para la construcción de un sistema Nacional Coordinado de Información de derechos Humanos (Sinco-dh)",
  year=2007,
  editor="William Rozo",
  author="Justapaz and Sisma Mujer and Comisión Colombiana de Juristas and Banco de Datos del CINEP and Observatorio de DH y DIH de la CCEEU",
}

@book{events,
  title="HURIDOCS Events Standard Formats: A Tool for Documenting Human Rights Violations",
  year=2001,
  author="Judith Dueck, Manuel Guzman, Bert Verstappen",
  publisher="HURIDOCS",
  address="http://www.huridocs.org"
}

@book{conceptual,
  title="Marco Conceptual",
  year=2001,
  author="Noche y Niebla",
  publisher={CINEP},
  address="http://www.nocheyniebla.org"
}

@booklet{sivel,
  title="SIVeL: Sistema de Información de Violencia Política en Línea",
  year=2004,
  author="Vladimir Támara and Mauricio Rivera",
  address="http://sivel.sourceforge.net"
}

@booklet{ req,
	author = "Vladimir Támara Patiño",
	title = "Requerimientos para la primera fase del SINCODH",
	year = "2007"
}

@booklet{ tries,
	author = "Vladimir Támara Patiño",
	title = "Ganarle a Google. Experimentos de búsqueda con tries en RAM",
	address = "http://www.pasosdejesus.org/vtamara/estinf2006-1/proy-s/index.html",
	year = "2006"
}

@booklet{ tutorialcompact,
	author = "James Clark, John Cowan y Murata Makoto",
	title = "RELAX NG Compact Syntax Tutorial",
	address = "http://www.relaxng.org",
	editor = "OASIS",
	year = "2003"
}

@article{ nagi,
	author = "Khaled Nagi",
	title = "Bringing Information Retrieval Back to Database Management Systems",
	journal = "Ubiquitous Computing and Communication Journal: Special Issue of IKE'07 Conference",
	year = "2008",
	address = "http://www.ubicc.org/files/pdf/IKE_BringingInformation_190.pdfc"
}

@article{ heinz,
	author = "S. Heinz and J. Zobel",
	title = "Efficient single-pass index construction for text databases",
	journal = "Journal of the American Society for Information Science and Technology, v54 n8 p713-29",
	year = "2003",
	address = "citeseer.ist.psu.edu/heinz03efficient.html" 
}


@booklet{benchlucene,
  title="Apache Lucene. Performance Benchmarks",
  year="Consultado Dic.2007",
  author="",
  address="http://lucene.apache.org/java/docs/benchmarks.html"
}



@booklet{lucene,
  title="Apache Lucene",
  year="Consultado Nov.2007",
  author="",
  address="http://lucene.apache.org/java/docs/"
}


@article{gfs,
  title="The Google File System",
  year=2003,
  author="Sanjay Ghemawat and Howard Gobioff and Shun-Tak Leung",
  journal="Proceedings of the 19th ACM Symposium on Operating Systems Principles",
  address="http://research.google.com/archive/gfs-sosp2003.pdf"
}

@article{osecure,
  title="Open Source Digital Forensics Tools. The Legal Argument",
  year=2007,
  author="Brian Carrier",
  journal="Web Informtion Seeking and Interaction",
  address="http://research.microsoft.com/~ryenw/proceedings/WISI2007.pdf"
}


@article{lawyer,
  title="`I\'l just Google it!': Should laywers' preceptions of Google inform the design of electornicl legal resources?",
  year=2007,
  author="Stephan Makri and Ann Blandford and Anna L. Cox",
  journal="Web Information Seeking and Interaction",
  address="http://research.microsoft.com/~ryenw/proceedings/WISI2007.pdf"
}

@article{webgoogle,
  title="Web Search for a Planet: The Google Cluster Architecture",
  year=2003,
  author="Luiz Barroso and Jeffrey Dean and Urs Hoelzle",
  journal="IEEE Micro",
  address="http://research.google.com/archive/googlecluster.html"
}

@article{arqgoogle,
  title="The Anatomy of a Large-Scale Hypertextual Web Search Engine",
  year=1998,
  author="Sergey Brin and Lawrence Page",
  journal="Computer Networks",
  address="http://infolab.stanford.edu/~backrub/google.html"
}

@booklet{amule,
  title="EC Protocol HOWTO",
	year=2007,
  author="aMule",
  address="http://www.amule.org/wiki/index.php/EC\_Procotol\_HOWTO"
}

@article{kademlia,
  title="Kademlia: A Peer-to-peer Information System Based on the XOR Metric",
  year=2002,
  author="Petar Maymounkov and David Mazières",
  journal="1st International Workshop on Peer-to-peer Systems, MIT",
  address="http://www.scs.cs.nyu.edu/~petar/kpos\_IPTPS.PDf"
}


@booklet{oss-sec,
  title="Does open source software enhance security?",
  author="Thomas C. Green. The Register.",
  address="http://www.theregister.co.uk/2004/03/05/does\_open\_source\_software\_enhance/"
}

@booklet{ayudadesprog,
  title="Ayudas para el desarrollo de programas",
  author="Vladimir Támara Patiño",
  address="http://structio.sourceforge.net/guias/ayudadesprog/ayudadesprog.html"
}

@booklet{plantreq,
  title="Requirements Specification Document",
  author="Industry Canada: Application Services Branch",
  address="http://strategis.ic.gc.ca/epic/site/infodev.nsf/en/dv00196e.html"
}

@booklet{plantdis,
  title="High Level Design and Architecture Document",
  author="Industry Canada: Application Services Branch",
  address="http://strategis.ic.gc.ca/epic/site/infodev.nsf/en/dv00236e.html"
}

@booklet{xml,
  title="Extensible Markup Language (XML) 1.0 (Fourth Edition)",
  author="w3c",
  year="2006",
  address="http://www.w3.org/TR/2006/REC-xml-20060816/"
}

@booklet{rfc3530,
  title="RFC 3530: Network File System (NFS) version 4 Protocol",
  editor="IETF",
  year="2003",
  address="http://www.ietf.org/rfc/rfc3530.txt"
}

@booklet{rfc2616,
  title="RFC 2616: Hypertext Transfer Protocol -- HTTP/1.1",
  editor="IETF",
  year="1999",
  address="ftp://ftp.rfc-editor.org/in-notes/rfc2616.txt"
}

@booklet{unix,
  title=" The Single UNIX Specification, Version 2",
  editor="The Open Group",
  year="1997",
  address="http://www.opengroup.org/onlinepubs/007908799/"
}

@booklet{swebok,
  title="Guide to the Software Engineering Body of Knowledge",
  editor="IEEE Computer Society",
  year="2004",
  address="http://www.swebok.org/htmlformat.html"
}

@booklet{xp,
  title="What is Extreme Programming?",
  author="Ron Jeffries",
  year="2001",
  address="http://www.xprogramming.com/xpmag/whatisxp.htm"
}

@booklet{ipsec,
  title="ipsec - IP Security Protocol",
  editor="Manual de OpenBSD",
  author="Randall Atkinson",
  address="http://www.openbsd.org/cgi-bin/man.cgi?query=ipsec"
}

@booklet{compipsec,
  title="Recent improvements in OpenBSD's IPsec support",
  editor="AsiaBSDCon 2007",
  author="Mathieu Sauve-Frankel",
  address="http://www.openbsd.org/papers/asiabsdcon07-ipsec/index.html"
}

@book{wndw,
  title="Wireless Networking in the Developing World",
  editor="Limehouse Book Sprint Team",
  address="http://wndw.net"
}

@book{wgfc,
  title="Configuración de redes inalámbricas y dispositivos",
  author="Igor Támara and Vladimir Támara Patiño",
  year="2003",
  address="http://igor.tamarapatino.org/escritos/conf/wireless/implantacion.html"
}

@booklet{lanic,
  title="LACNIC anuncia el inminente agotamiento de las direcciones IPv4",
  author="LACNIC",
  year="2007. Consultado Nov.2007",
  address="http://lacnic.net/ipv6/sp/"
}







@booklet{Hist,
  title="Historia de la Iglesia:  Siglos I - XV",
  year=2002,
  author="Arturo Piedra"
}

@booklet{RV1995,
  title="Biblia",
  year="Reina Valera 1995",
  address="http://www.biblegateway.com/passage/?search=Salmo\%20119:11;\&version=61;"
}

@booklet{Americas,
  title="Biblia de las Américas",
  year="1997",
  editor="The Lockman Foundation",
  address="http://www.biblegateway.com/passage/?search=Mateo\%206;\&version=59;"
}

@booklet{EC,
  title="Enciclopedia Católica",
  year="1907, en linea 1999",
  editor="ACI-Prensa",
  address="http://www.enciclopediacatolica.com"
}

@booklet{etimologia,
  title="Etimología de Presbítero",
  address="http://etimologias.dechile.net/?presbi.tero"
}

@booklet{ministerios,
  title="MINISTERIOS Y SERVICIOS EN LA SAGRADA ESCRITURA",
  address="http://cursos.puc.cl/tbd023-1/almacen/1179875958\_grosas\_sec4\_pos0.doc"
}


@booklet{nocheynibla,
  title="Noche y Niebla",
  ediotr="Banco de Datos de Violencia Política, DH y DIH del CINEP",
  year="2006",
  address="http://www.nocheyniebla.org"
}


@booklet{bdp,
  title="Traducción de los evangelios de dominio público y abierta a mejoras",
  year="2003",
  address="http://de.geocities.com/nuestroamigojesus/bdp"
}

@book{WEB,
  title="World English Bible",
  year=2002,
  address="http://www.ebible.org"
}

@booklet{Dembsky2005,
  title="Searching Large Spaces",
  author="William Dembsky",
  year="2005",
  address="http://www.designinference.com/documents/2005.03.Searching\_Large\_Spaces.pdf"
}

@booklet{altisimo,
  title="Hijos del Altísimo: Capacitación para maestros de Escuela Dominical",
  author="Hans Ruegg",
  address="http://www.altisimo.net/cBasica/index.html"
}

@booklet{fpv,
  title="Portal del proyecto Formación para la Vida.",
  editor="Gimnasio Fidel Cano",
  address="http://www.gfc.edu.co"
}

@booklet{Wernich,
  title="Perpetua para cura represor argentino",
  editor="Periodico La Nación (Chile)",
  address="\\{\small http://www.lanacion.cl/prontus\_noticias\_v2/site/artic/20071009/pags/20071009202940.html}"
}


